@ARTICLE{Glickman99,
  author = {M. Glickman},
  title = {Parameter estimation in large dynamic paired comparison experiments},
  journal = {Applied Statistics},
  year = {1999},
  volume = {48},
  pages = {377-394}
}
